<?xml version="1.0" encoding="UTF-8"?><record xmlns="http://www.loc.gov/MARC21/slim" xmlns:cinclude="http://apache.org/cocoon/include/1.0" xmlns:zs="http://www.loc.gov/zing/srw/">
  <leader>00499cz  a2200133n  4500</leader>
  <controlfield tag="001">n 2002103201</controlfield>
  <controlfield tag="003">DLC</controlfield>
  <controlfield tag="005">20020530130000.0</controlfield>
  <controlfield tag="008">020530n| acannaabn          |a aaa      </controlfield>
  <datafield tag="010" ind1=" " ind2=" ">
    <subfield code="a">n 2002103201</subfield>
  </datafield>
  <datafield tag="040" ind1=" " ind2=" ">
    <subfield code="a">DLC</subfield>
    <subfield code="b">eng</subfield>
    <subfield code="c">DLC</subfield>
  </datafield>
  <datafield tag="100" ind1="1" ind2=" ">
    <subfield code="a">Dobrenʹkova, E. V.</subfield>
    <subfield code="q">(Ekaterina Vladimirovna)</subfield>
  </datafield>
  <datafield tag="400" ind1="1" ind2=" ">
    <subfield code="a">Dobrenʹkova, Ekaterina Vladimirovna</subfield>
  </datafield>
  <datafield tag="670" ind1=" " ind2=" ">
    <subfield code="a">Dobrenʹkova, E. V. Strategicheskoe upravlenie biznesom, 2001:</subfield>
    <subfield code="b">t.p. (Dobrenʹkova E.V.) (Dobrenʹkova Ekaterina Vladimirovna, kandidat ėkonomicheskikh nauk)</subfield>
  </datafield>
</record>